3182 5124
678 348 872 443 ...ἕξω

157 600 222 678 373.
249 597 300 652 Est
317 600 376 651 rota
393 594 518 650 fortunae
535 593 682 663 variabilis,
699 601 730 648 ut
747 599 806 648 rota
822 593 912 648 lunae.

254 692 453 745 Verandcrlicb
470 695 524 745 das
542 691 701 744 (ι’ἰᾶἄεεναᾶ
717 695 762 758 ist,
805 689 863 744 Wic
882 690 1100 746 Mendesacbet'b'
1120 697 1151 744 ε’νι
1168 691 1345 757 Jaareesrtst.

157 863 224 917 374.
250 860 302 916 Est
319 876 414 916 senum
430 859 512 929 plane
530 858 563 914 de
580 859 651 914 lectu
669 873 780 927 surgere
797 873 885 915 mane.

249 956 400 1021 Ausstcb'm
417 955 567 1019 inscribet·
583 953 797 1022 Morpcnetund'

250 1051 292 1103 Irt
304 1054 360 1116 scir
378 1054 433 1104 dea
446 1050 558 1115 Kb'rper
575 1050 640 1100 aebr
655 1051 774 1116 pesuad.

159 1220 225 1275 375.
253 1217 305 1272 Est
320 1215 417 1272 similis
434 1216 525 1287 stulto,
543 1215 590 1284 qui
608 1213 735 1270 mandere
752 1213 809 1268 vurlt
827 1213 887 1269 sine
904 1213 998 1270 cultro.

252 1312 334 1366 Bcim
351 1313 440 1365 Εεεενε
457 1326 567 1380 verpere
586 1311 626 1364 Εν
661 1309 712 1360 Nic
730 1312 790 1361 aeia
808 1307 935 1362 Messcr!

157 1481 224 1536 376.
250 1479 302 1534 Est
318 1479 377 1536 sine
395 1479 503 1534 doctore
520 1479 612 1534 schola
628 1476 689 1532 vilis
709 1480 736 1531 et
752 1476 855 1544 absque
872 1473 974 1530 velere.

254 1577 330 1628 Obac
348 1576 454 1630 Lebrer
471 1576 558 1628 lacebat
574 1579 626 1628 mit
642 1575 731 1628 Rccbt
764 1574 832 1628 Jede
850 1573 943 1626 Sabat
960 1575 1129 1628 erbctrmb'cb
1147 1576 1277 1629 acblecbt.

157 1744 224 1799 377.
250 1741 302 1797 Est
318 1741 395 1797 tarde
412 1740 546 1797 modicum
563 1740 640 1796 tarde
657 1741 815 1810 saepissime
832 1741 953 1797 multum.

255 1836 355 1906 Wem'p
372 1854 409 1891 zu
426 1844 502 1904 spat,
520 1841 565 1904 ost
584 1840 641 1891 ciel
655 1854 693 1891 aa
711 1842 786 1903 spat.

157 2003 225 2058 378.
251 2001 302 2057 Est
318 2016 412 2057 verum
429 1987 552 2056 verbum:
568 1969 761 2068 irungit.Deus
780 2014 858 2056 omne
876 2001 1032 2072 superbum.

250 2098 306 2150 Eira
323 2099 434 2151 walcras
456 2096 536 2151 Wort
553 2099 603 2150 bat
624 2096 758 2151 Weisbez't
773 2103 847 2151 eiust
860 2101 1049 2167 perprocbcn:

249 2195 322 2248 Stola
341 2198 403 2247 aad
419 2194 549 2281 Eiteltcez't
564 2197 648 2248 ward
664 2199 731 2246 stete
749 2209 803 2246 von
821 2195 885 2247 Gott
899 2197 1063 2263 pecrocben.

157 2361 224 2416 379.
250 2358 303 2414 Est
320 2360 406 2414 virtum
421 2375 484 2414 vere
502 2375 608 2428 semper
625 2358 766 2415 malefacta
783 2375 887 2416 cavere.

250 2457 303 2510 Dic
322 2459 417 2510 wabrc
438 2458 556 2524 Tupcnd
572 2456 656 2510 Jener
673 2459 733 2522 bat,
767 2457 826 2510 Der
844 2461 1023 2521 mez'detjede
1039 2459 1194 2514 *Uecettaac

158 2624 224 2680 380.
251 2621 382 2682 Esuriens
399 2627 495 2676 venter
510 2620 655 2676 manducat
672 2622 755 2677 cruda
771 2622 894 2678 libenter.

250 2721 349 2772 Ez'nem
367 2721 526 2786 buapcz'pcn
544 2718 648 2786 Maece
682 2719 781 2772 Macbt
798 2722 873 2773 auch
890 2718 981 2772 moues
998 2719 1142 2788 Bebasen.

159 2886 225 2941 381.
252 2883 348 2940 Esurit
365 2889 446 2952 atque
463 2883 523 2939 sitit
539 2899 652 2954 pauper,
669 2885 717 2952 qui
734 2885 809 2940 lauta
826 2885 951 2955 requirit.

251 2969 307 3032 E'z'a
324 2982 434 3043 Amner,
452 2982 503 3031 der
520 2993 577 3032 νενεν
594 2978 712 3030 Lecta-es
730 2979 798 3044 will,
833 2979 972 3046 Heraeam,
989 2983 1101 3034 durstet
1116 2987 1160 3048 oft
1176 2986 1242 3036 sear
1258 2987 1319 3040 ciel.

157 3147 224 3204 382.
251 3144 289 3200 Et
304 3145 394 3214 legum
411 3149 440 3200 et
456 3160 551 3214 regum
567 3144 664 3199 temnit
680 3143 789 3199 decreta
805 3143 931 3200 Necesse.

344 3264 353 3293 a
651 3241 704 3294 Dic
724 3242 824 3308 lez'dz'pe
840 3241 1083 3311 thbwcndc'pkcz't

253 3337 344 3403 Frapt
360 3337 452 3388 alciata
470 3337 547 3388 mach
563 3334 670 3403 Kbaips
689 3335 782 3402 Gcbot,
799 3336 891 3388 az'cbta
908 3339 984 3390 mach
1002 3337 1220 3393 Gesctzb'cbket't.

158 3514 226 3571 383.
251 3513 289 3573 Et
306 3514 389 3569 semel
405 3515 533 3570 emissum
550 3515 624 3570 volat
640 3516 815 3574 irrevocabile
833 3518 950 3575 verbum

251 3611 307 3663 Eia
324 3614 550 3680 ausqcsprocben
573 3610 652 3664 Wort
685 3613 779 3680 Flc‘cpt
796 3617 1032 3680 unwz'dcrrufbar
1045 3619 1116 3680 sort.

157 3790 225 3846 384.
253 3788 315 3842 Etsi
331 3804 381 3857 per
399 3788 495 3843 munitos
513 3804 612 3859 coccyx
629 3791 780 3845 cantaverit
798 3805 884 3846 annos

252 3881 340 3937 Edere
358 3883 445 3938 nescit
461 3882 550 3938 adhuc
568 3882 641 3937 aliud
659 3899 739 3951 quam
757 3883 846 3940 dicere
863 3885 1003 3944 Kuekuck.

250 3979 342 4046 Saepe
363 3978 445 4045 laapc
463 3978 550 4032 Jcbre
568 3981 644 4032 aucb
661 3983 713 4032 der
729 3980 875 4046 Kucbucb,

251 4069 348 4124 Nicbts
366 4072 456 4125 lernct
471 4087 502 4125 εν
519 4076 604 4138 daza,
622 4087 653 4124 εν
671 4074 756 4126 blcz'bt
772 4075 818 4126 bei
833 4079 938 4127 εεϊνεενη
954 4059 1098 4129 Kucbucb.

158 4235 227 4290 385.
254 4233 291 4287 Et
307 4239 370 4303 tuga
387 4235 510 4306 sistatis,
527 4236 552 4290 si
568 4241 666 4292 sentus
684 4237 722 4292 sit
739 4237 864 4294 borealis.

258 4327 317 4382 Wic
336 4335 477 4384 draussca
494 4339 591 4385 causet
607 4338 659 4386 ἄεν
681 4333 776 4401 Wind,
817 4335 941 4390 chbslc
960 4341 1005 4390 dic
1023 4333 1138 4391 Kleides
1155 4339 1324 4404 pescbwz'ad.

157 4495 228 4552 386.
255 4492 393 4549 Eveniunt
411 4496 507 4551 stolido
526 4500 629 4552 somnia
647 4498 734 4554 stulta
750 4501 816 4555 viro.

253 4589 308 4641 Eia
326 4593 455 4644 dummcr
473 4591 564 4646 Manca
598 4596 697 4649 Nz'cbts
715 4597 890 4652 Gcacbeidtcs
909 4604 1040 4652 ννᾶνενηενε
1057 4600 1143 4658 bana.
