3182 5124
862 321 879 380 2

763 403 957 419 W

257 574 298 627 13.
322 569 417 639 Adam,
435 568 598 638 Samsonem,
615 567 694 636 Loth,
711 566 850 635 Davidem,
867 564 1034 620 Salomonem

391 664 504 720 Femina
519 662 638 732 deoepit;
657 661 718 731 quis
735 660 813 715 modo
830 665 905 715 tutus
923 659 995 714 erit?

322 761 418 814 Adam
435 763 498 812 aad
514 759 642 823 Samson,
666 759 748 825 Loth,
765 758 862 811 Dauid
881 760 943 809 aad
959 757 1091 808 Salomon

323 853 418 907 Littera
427 869 489 906 vom
501 850 594 906 Weibe
605 853 743 906 Schmoed
756 856 818 905 aad
826 851 910 903 Halon
916 869 927 920 ;
957 849 1023 903 Wer
1031 851 1135 902 kommt
1144 850 1214 902 odae
1224 849 1355 902 Seduden
1365 848 1489 901 dauon?

257 1018 297 1071 14.
322 1014 367 1071 Ad
383 1014 521 1070 candelam
538 1029 620 1084 capra
636 1014 742 1070 ridetur
760 1030 820 1070 esse
838 1016 933 1069 Diana.

323 1110 368 1163 Im
376 1111 582 1183 Damonerlz'odt
603 1111 827 1164 Uaterocdeo'deot
838 1112 966 1164 dunr'odt
985 1110 1084 1163 Druna
1097 1126 1151 1163 oon
1161 1115 1251 1162 einum
1259 1109 1486 1176 Zr'epeapeoicht.

257 1277 298 1333 15.
323 1276 367 1332 Ad
384 1276 519 1332 dominum
535 1293 643 1346 gressus
661 1277 771 1346 dispone
788 1282 902 1344 tuosque
919 1290 1065 1343 regressus.

226 1424 228 1428 .
325 1373 650 1438 BeideinemKommea,
668 1377 778 1426 deo'nem
787 1372 864 1424 Gedru
890 1371 984 1424 Musot
998 1374 1038 1422 du
1051 1384 1109 1422 aar
1122 1371 1197 1422 nard
1213 1368 1488 1423 demHorreasedn.

259 1542 299 1632 ¹5⁵·
325 1538 368 1610 Ad
384 1538 457 1595 mala
473 1543 582 1608 patrata
598 1542 663 1593 sunt
679 1543 739 1592 atra
755 1537 862 1592 theatra
879 1541 982 1604 parata.

325 1636 391 1700 Aus
405 1634 491 1688 Mord
507 1635 569 1688 mod
586 1630 737 1686 Miooetdat
769 1632 852 1699 Folpt
869 1631 986 1699 natyra,
1004 1632 1129 1684 Schwert
1146 1634 1209 1683 aad
1225 1629 1298 1684 Rau.

257 1801 297 1853 17.
322 1798 371 1854 Ad·
384 1798 482 1855 sadtunr
499 1800 597 1869 pulicis
615 1799 669 1855 fert
686 1799 770 1854 Lucia
786 1797 887 1890 lunriua
905 1798 978 1854 solis.

267 1931 268 1936 =
326 1894 380 1947 Die
397 1897 489 1948 Sorano
508 1900 546 1948 ist
562 1899 621 1960 aas
634 1897 728 1949 Lucia
762 1897 854 1950 Einea
870 1898 1055 1963 Flodapruap
1068 1897 1177 1960 sortirer
1192 1897 1241 1947 da.

259 2061 299 2116 18.
326 2060 370 2116 Ad
387 2067 490 2118 secreta
506 2063 563 2132 poli
580 2078 658 2121 ouras
677 2064 821 2121 extendere
838 2064 902 2120 noli.

326 2158 553 2214 Nummorum
570 2161 632 2214 Pon
651 2166 716 2215 weit
749 2161 847 2214 Deduc
866 2165 947 2215 derue
965 2159 1161 2229 Sorplr‘edkeitr

259 2327 301 2380 19.
327 2323 370 2379 Ad
388 2324 504 2380 sonitum
521 2339 612 2380 musae
630 2324 764 2380 ducuntur
781 2339 863 2394 saepe
880 2325 1003 2380 choreae.

332 2421 384 2484 Ost
400 2421 465 2471 ho’rt
480 2435 548 2471 maa
566 2435 625 2472 aar
641 2427 687 2473 eia
704 2423 847 2475 Lz'edodea
864 2427 973 2490 singen,

334 2513 396 2566 Und
412 2514 504 2581 plez'od
523 2516 639 2582 deplorat
654 2517 742 2568 sodon
762 2516 840 2568 Tana
858 2519 922 2570 und
937 2517 1086 2584 Sprmpea.

260 2679 303 2733 20.
326 2676 371 2732 Ad
388 2677 458 2733 vada
474 2682 515 2733 tot
531 2678 607 2734 radit
623 2695 700 2749 urna,
718 2679 789 2748 quod
806 2680 867 2748 ipsa
885 2680 964 2735 cadit

329 2773 389 2826 Der
406 2774 488 2842 Krap
504 2777 571 2842 pelet
585 2791 617 2826 ao
634 2775 716 2844 laage
735 2792 771 2828 aa
795 2776 917 2842 Wasoer,
937 2779 979 2829 bio
996 2791 1027 2829 er
1045 2777 1143 2829 drr'odt.

262 2870 304 2923 21.
330 2867 430 2923 Haurit
446 2883 530 2936 aquas
548 2867 609 2940 olla,
627 2869 674 2926 sed
692 2869 793 2938 frangit
808 2870 923 2939 denique
941 2869 1019 2925 oolla.

262 2964 305 3016 22.
334 2961 437 3019 Fontes
455 2963 510 3018 olla
525 2965 603 3035 gerit,
620 2963 735 3034 denique
751 2964 838 3020 fracta
855 2964 934 3035 perit

262 3099 305 3185 23.
330 3130 374 3187 Ad
391 3130 494 3188 veniam
513 3147 612 3203 curras,
630 3131 665 3188 ad
681 3131 826 3188 uindictam
844 3132 1013 3202 pigriteris3¹

331 3225 375 3281 Ad
392 3240 485 3295 paoem
502 3241 638 3296 properes,
656 3224 690 3280 ad
706 3226 796 3294 iurgia
812 3226 867 3281 non
884 3225 1024 3294 graderis

338 3321 466 3375 Verseo'de
484 3324 569 3374 rueod
588 3326 651 3375 aad
666 3324 745 3375 rdod'
764 3325 831 3375 diod
848 3324 936 3387 nicht,

333 3415 417 3480 Lauf
427 3415 567 3480 srz'edlicd
584 3417 666 3486 nieht
681 3415 742 3467 an’s
760 3415 1001 3467 Polo'ser'-Gerz'cdt.

265 3579 308 3633 24.
333 3576 451 3634 Advenit
467 3579 527 3648 ipse
545 3579 610 3650 dies,
628 3580 710 3635 etiam
728 3580 751 3636 si
768 3596 822 3635 non
839 3581 912 3635 oanit
929 3580 993 3636 ales.

334 3677 460 3729 Scdrea'et
476 3679 551 3729 aaut
568 3680 620 3729 der
633 3677 797 3730 Hausdadn
813 3679 901 3743 nz'odt,
926 3677 1037 3730 Heroor
1054 3680 1148 3732 bricdt
1164 3680 1235 3732 doeh
1252 3681 1307 3731 das
1322 3677 1486 3746 Taqeolz'odt.

253 3842 309 3896 25.
334 3841 454 3898 Aedibus
471 3842 501 3897 in
516 3843 634 3911 propriis
652 3843 726 3899 oanis
744 3849 786 3899 est
802 3842 952 3899 mordacior
968 3845 1061 3901 omnis.

333 3939 377 3992 Im
394 3939 529 3992 Bereiode
547 3945 640 3993 oer'aer
662 3939 814 4009 Wolmung
847 3940 943 3993 Beo'sot
959 3945 1011 3994 der
1028 3943 1120 3995 Hand
1135 3941 1199 3993 odn'
1218 3941 1272 3993 alle
1290 3941 1448 4007 Sedonuup.

268 4102 311 4156 26.
336 4100 486 4160 Aedificare
504 4104 594 4161 domos
611 4104 709 4161 multas
727 4112 754 4162 et
771 4121 880 4175 pascere
897 4107 994 4162 multos

407 4195 460 4250 Est
476 4195 510 4251 ad
527 4198 683 4266 pauperiem
701 4199 796 4253 semita
813 4207 888 4255 recta
905 4199 1017 4269 quidem.

338 4291 512 4347 Hduoerdau
530 4299 593 4348 und
607 4297 746 4348 Sohmauo
780 4297 874 4350 Fauor
888 4313 943 4350 zur
960 4299 1082 4350 Armutd
1100 4297 1192 4350 ’naua

270 4457 311 4512 27.
337 4457 429 4526 Aeger
445 4464 473 4514 et
489 4458 591 4515 athleta
607 4465 671 4515 sunt
688 4460 795 4530 dispare
812 4478 892 4532 saepe
910 4463 1005 4519 diaeta.

180 4548 183 4556 ’
340 4555 425 4608 ΝίοΙιί
440 4557 546 4624 pleiotro
563 4558 658 4623 spone
678 4574 758 4612 essen
776 4560 854 4613 kann
889 4561 945 4613 Eia
963 4561 1086 4614 truatur
1104 4563 1167 4614 und
1184 4561 1231 4612 ein
1246 4559 1358 4612 starker
1374 4556 1467 4612 Manu.
