3182 5124
785 327 825 388 36

705 409 900 424 ww

192 579 252 632 468.
281 575 397 630 Gemmis
414 582 442 630 et
459 575 550 630 herbis
569 575 610 629 ris
628 579 677 643 est,
695 573 742 628 sed
759 572 875 628 maxima
892 571 990 627 verbis.

279 673 430 726 Edelater‘n’
448 676 510 725 und
526 671 654 724 Krduter
670 674 737 724 sind
753 671 891 724 wadrdr'eh
909 669 995 722 noller
1011 669 1119 734 Maedt,

280 767 363 820 Matr
381 769 449 820 ader
466 768 538 819 noeis
556 769 609 820 das
632 763 719 831 Wart,
737 781 792 818 von
808 765 891 830 Elser
908 765 1070 831 stupefacit,

194 960 254 1012 469.
280 956 480 1014 Geschenirtem
497 954 583 1010 Gaulo
600 969 654 1010 non
672 955 753 1010 debes
771 969 883 1010 eernere
900 954 998 1012 manle.

283 1054 308 1104 A
326 1053 424 1104 etevat
440 1055 531 1104 donne
565 1054 604 1104 Sa
620 1055 688 1104 deut
704 1057 747 1104 est
762 1053 877 1118 aparclt.

195 1149 256 1200 470.
282 1145 344 1200 Non
362 1145 455 1200 dentes
474 1160 579 1214 cernas,
596 1145 620 1199 si
639 1145 718 1199 detur
735 1137 829 1214 equus
846 1157 935 1212 neque
953 1158 1077 1212 spernas.

195 1242 256 1294 471.
284 1239 312 1294 Si
330 1240 379 1294 tibi
397 1239 431 1294 do
448 1255 570 1308 mannos,
587 1254 712 1304 numeres
729 1254 764 1293 ne
781 1237 907 1298 dentibus
924 1253 1020 1293 annos.

196 1433 256 1486 472.
282 1430 421 1491 Grandine
438 1435 513 1492 tutus
531 1431 584 1486 erit
601 1430 716 1499 sibimet,
734 1430 887 1500 quicunque
904 1429 1018 1484 tonabit.

288 1525 354 1579 Wer
371 1527 461 1580 selber
478 1530 607 1590 donaret,
624 1529 676 1580 wie
693 1526 746 1578 ονε
764 1540 839 1592 map,
869 1525 941 1578 Dem
959 1526 1058 1586 alethei
1070 1528 1142 1591 farn
1160 1529 1206 1585 ein
1224 1525 1435 1595 Hapelsedlay.

196 1715 256 1768 473.
285 1712 380 1772 Gratia
396 1712 428 1766 flt
443 1712 536 1781 pluris,
554 1728 635 1781 quam
652 1718 710 1768 tota
727 1713 841 1776 seientia
857 1714 932 1777 iuris.

283 1808 375 1864 Gunat
391 1809 460 1874 hulst
476 1810 564 1872 anthr,
599 1808 649 1860 Ale
667 1809 721 1861 alle
738 1809 829 1861 near.

196 1997 256 2055 474.
282 1995 375 2056 Gratia
391 2002 546 2066 magnatum
564 1997 651 2056 nescit
668 1997 770 2056 habere
787 2003 896 2060 statum,

283 2093 337 2144 Die
356 2093 448 2145 Gunst
464 2097 515 2146 der
533 2092 632 2146 Hoden
667 2094 709 2146 Ist
726 2095 795 2151 bald
811 2097 958 2162 eaproter,

194 2186 255 2244 475,
281 2184 375 2247 Gratia
391 2183 490 2254 regalis
508 2200 563 2245 non
580 2190 623 2240 est
638 2200 683 2248 res
700 2186 874 2260 perpetualis.

194 2379 254 2434 476.
281 2377 375 2438 Gratia
392 2377 468 2432 nulla
485 2376 571 2446 datur,
589 2378 613 2431 si
630 2393 741 2437 munera
759 2394 859 2439 munus
877 2383 988 2434 ematur.

278 2474 340 2526 Dae
359 2478 396 2525 ist
412 2490 449 2530 au
467 2489 580 2526 sennen
597 2474 675 2526 deine
695 2474 779 2539 Gaba,
814 2474 868 2528 De'e
887 2476 1027 2528 metmend
1043 2477 1089 2529 iet
1106 2492 1143 2528 zu
1160 2477 1262 2530 salites
1282 2479 1361 2531 dade.

194 2681 254 2734 477,
282 2678 376 2732 Gratia
394 2678 537 2754 principiis
556 2693 663 2746 semper
680 2678 827 2757 respondet
843 2679 972 2739 honestis.

281 2775 380 2827 Gutem
397 2777 517 2842 Anfanp
552 2774 639 2826 otaek
657 2778 720 2828 und
735 2775 887 2842 Fortpanp.

193 2968 254 3021 478.
280 2966 375 3022 Gratia
391 2967 499 3037 quando
517 2967 603 3035 datur,
621 2966 730 3024 studeas
747 2972 779 3021 ut
796 2968 964 3024 restituatur.

279 3062 334 3116 Die
351 3062 439 3128 Haza,
457 3065 502 3114 die
522 3066 562 3115 du
581 3066 763 3130 empfnnpen,
798 3063 879 3116 Lass'
895 3066 1060 3131 peselum'nd
1075 3066 1184 3122 rurant
1201 3068 1350 3134 pelanpen.

193 3254 252 3314 479,
279 3253 391 3318 Gratum
409 3256 455 3324 qui
473 3256 519 3310 dat
535 3256 609 3317 Ave!
627 3271 787 3325 responsum
804 3256 858 3312 fert
875 3271 980 3325 quoque
997 3271 1090 3316 suave.

279 3351 485 3405 Freundlz'cter
501 3353 688 3420 Beprstssunp
728 3351 811 3406 We'rd
826 3354 931 3420 pietate
950 3354 1163 3420 Erwiederunp.

193 3535 253 3590 480.
281 3534 401 3598 Guemae
418 3552 540 3598 rumores
557 3545 622 3596 sunt
639 3537 752 3609 strages,
770 3539 881 3609 praeda,
898 3553 1016 3601 emeres.

280 3631 350 3694 Aet,
368 3634 418 3687 des
435 3631 552 3699 Krr'epes
570 3636 740 3690 Sednauden
773 3631 822 3688 Iat'
839 3635 971 3704 Wdrpen,
990 3636 1118 3702 Mordere,
1137 3636 1265 3695 nautea,

192 3821 252 3879 481.
281 3818 383 3874 Gustus
401 3825 428 3874 et
445 3820 568 3891 olfactus,
584 3823 698 3894 auditus,
717 3826 793 3895 risio,
810 3831 909 3894 taetus,

279 3912 347 3974 Sunt
364 3930 459 3976 sensus
478 3917 604 3987 quinque,
622 3935 736 3987 querum
754 3926 865 3988 peecata
880 3920 1011 3990 relinque,

280 4009 400 4075 Gerunda,
418 4011 597 4078 Geachmaek,
616 4014 714 4079 Geddr,
734 4015 840 4080 Gesdhl
857 4020 919 4070 und
935 4017 1055 4078 Gesr'eht,

277 4100 360 4160 Nacta
377 4103 514 4173 Locaunq
531 4109 625 4159 dz'eser
641 4109 727 4160 Sinna
740 4109 813 4176 solp'
831 4113 872 4169 du
889 4113 941 4164 der
958 4111 1051 4162 &nde
1069 4109 1154 4162 nz'cdt.

190 4283 250 4341 482.
277 4283 361 4340 Gutta
378 4295 455 4344 cavat
471 4289 588 4358 lapidem
606 4308 661 4346 non
677 4293 713 4363 ri,
730 4294 779 4349 ned
797 4311 878 4364 saepe
896 4295 1026 4364 cadend03

279 4376 324 4433 Sic
342 4378 421 4434 homo
439 4381 471 4435 fit
487 4382 588 4454 doctus,
607 4402 662 4441 non
679 4390 714 4460 ri,
732 4390 780 4446 sed
798 4407 879 4462 saepe
897 4390 1035 4446 studendo.

276 4472 336 4524 Der
356 4476 482 4540 Tropsen
501 4480 579 4532 uehit
596 4485 651 4534 den
669 4485 755 4549 Stasea
790 4488 870 4539 Fatis
886 4503 916 4539 er
932 4489 997 4539 sehr
1014 4489 1058 4550 ost
1075 4487 1210 4551 dinetus

277 4564 388 4619 Geledrt
406 4573 479 4624 wz'rd
497 4587 527 4623 so
545 4577 592 4625 ein
609 4575 702 4642 Jeder,
737 4580 807 4630 Sitzt
824 4585 890 4632 stete
908 4595 939 4631 er
957 4583 1015 4643 auf
1031 4583 1093 4633 dean
1111 4580 1209 4632 Ledae.
